 @article{ms:62,
  title={Natural Sounding Artificial Reverberation},
  journal={Journal of the Audio Engineering Society},
  author={Schroeder, Manfred Robert},
  year={1962}, 
  pages={5}
}

@article{vpssa:12,
  author = {Välimäki, Vesa and Parker, Julian and Savioja, Lauri and Smith, Julius and Abel, Jonathan},
  year = {2012},
  month = {07},
  pages = {1421 -1448},
  title = {Fifty Years of Artificial Reverberation},
  volume = {20},
  journal = {Audio, Speech, and Language Processing, IEEE Transactions on},
  doi = {10.1109/TASL.2012.2189567}
}

@inproceedings{tf:01,
  author = {Torger, Anders and Farina, Angelo},
  year = {2001},
  month = {02},
  pages = {195 - 198},
  title = {Real-time partitioned convolution for Ambiophonics surround sound},
  isbn = {0-7803-7126-7},
  doi = {10.1109/ASPAA.2001.969576}
}

@article{rg:03,
  author = {Glasgal, Ralph},
  year = {2003},
  month = {07},
  pages = {},
  title = {Surround Ambiophonic Recording and Reproduction}
}

@book{kw:18,
  author = {Womack, Kenneth},
  year = {2018},
  pages = {222 - 250},
  title = {Sound pictures, the life of Beatles producer George Martin},
}

@book{kw:18,
  author = {Womack, Kenneth},
  year = {2018},
  pages = {222 - 250},
  title = {Sound pictures, the life of Beatles producer George Martin},
}

@book{gb:08,
  author = {Ballou, Glen},
  title={Handbook for sound engineers},
  ISBN={978-0-240-80969-4},
  publisher={Focal Press},
  year={2008}
}
